<?xml version="1.0" encoding="UTF-8"?><record xmlns="http://www.loc.gov/MARC21/slim" xmlns:cinclude="http://apache.org/cocoon/include/1.0" xmlns:zs="http://www.loc.gov/zing/srw/">
  <leader>00365nz  a2200133n  4500</leader>
  <controlfield tag="001">no2007013260</controlfield>
  <controlfield tag="003">DLC</controlfield>
  <controlfield tag="005">20070207084419.0</controlfield>
  <controlfield tag="008">070125n| acannaabn          |n aaa     c</controlfield>
  <datafield tag="010" ind1=" " ind2=" ">
    <subfield code="a">no2007013260</subfield>
  </datafield>
  <datafield tag="035" ind1=" " ind2=" ">
    <subfield code="a">(OCoLC)oca07319745</subfield>
  </datafield>
  <datafield tag="040" ind1=" " ind2=" ">
    <subfield code="a">IU</subfield>
    <subfield code="b">eng</subfield>
    <subfield code="c">IU</subfield>
  </datafield>
  <datafield tag="100" ind1="1" ind2=" ">
    <subfield code="a">Stief, Werner</subfield>
  </datafield>
  <datafield tag="670" ind1=" " ind2=" ">
    <subfield code="a">Heidnische Sinnbilder an christlichen Kirchen ..., 1938:</subfield>
    <subfield code="b">t.p. (Werner Stief)</subfield>
  </datafield>
</record>